<?xml version="1.0" encoding="UTF-8" ?><marc:collection xmlns:marc="http://www.loc.gov/MARC21/slim" xmlns:xsi="http://www.w3.org/2001/XMLSchema-instance" xsi:schemaLocation="http://www.loc.gov/MARC21/slim http://www.loc.gov/standards/marcxml/schema/MARC21slim.xsd">
<marc:record><marc:leader>01843nam a2200337Ia 4500</marc:leader>
<marc:controlfield tag="001">b14513249</marc:controlfield>
<marc:controlfield tag="003">UaCaAUL</marc:controlfield><marc:controlfield tag="005">20080526053235.0</marc:controlfield><marc:controlfield tag="008">840920s1928    ua            000 0 arard</marc:controlfield><marc:datafield tag="035" ind1=" " ind2=" "><marc:subfield code="a">(OCoLC)11175832</marc:subfield></marc:datafield><marc:datafield tag="040" ind1=" " ind2=" "><marc:subfield code="a">IUL</marc:subfield><marc:subfield code="c">IUL</marc:subfield><marc:subfield code="d">MEAUC</marc:subfield></marc:datafield><marc:datafield tag="049" ind1=" " ind2=" "><marc:subfield code="a">MAIN</marc:subfield></marc:datafield><marc:datafield tag="066" ind1=" " ind2=" "><marc:subfield code="c">(3</marc:subfield></marc:datafield><marc:datafield tag="090" ind1=" " ind2=" "><marc:subfield code="a">BP144</marc:subfield><marc:subfield code="b">.M264 1928</marc:subfield></marc:datafield><marc:datafield tag="100" ind1="1" ind2=" "><marc:subfield code="6">880-01</marc:subfield><marc:subfield code="a">Malībārī, Zayn al-Dīn ibn ʻAbd al-ʻAzīz.</marc:subfield></marc:datafield><marc:datafield tag="245" ind1="1" ind2="0"><marc:subfield code="6">880-02</marc:subfield><marc:subfield code="a">Fath ̣al-Muʻīn bi-sharh ̣Qurrat al-ʻayn /</marc:subfield><marc:subfield code="c">taʼlīf Zayn al-Dīn ibn ʻAbd al-ʻAzīz al-Malībārī. Wa-bi-hāmishihi taqrīrāt li-baʻd ̣al-afādịl.</marc:subfield></marc:datafield><marc:datafield tag="260" ind1=" " ind2=" "><marc:subfield code="6">880-03</marc:subfield><marc:subfield code="a">Misṛ :</marc:subfield><marc:subfield code="b">Matḅaʻat Muhạmmad ʻAlī Sụbayh,̣</marc:subfield><marc:subfield code="c">1346 [1928]</marc:subfield></marc:datafield><marc:datafield tag="300" ind1=" " ind2=" "><marc:subfield code="a">160 p. ;</marc:subfield><marc:subfield code="c">28 cm.</marc:subfield></marc:datafield><marc:datafield tag="500" ind1=" " ind2=" "><marc:subfield code="a">A commentary on the author's own work, Qurrat al-ʻayn, included as part of the text (p. 155-160).</marc:subfield></marc:datafield><marc:datafield tag="650" ind1=" " ind2="0"><marc:subfield code="a">Islamic law.</marc:subfield></marc:datafield><marc:datafield tag="600" ind1="1" ind2="0"><marc:subfield code="6">880-04</marc:subfield><marc:subfield code="a">Malībārī, Zayn al-Dīn ibn ʻAbd al-ʻAzīz.</marc:subfield><marc:subfield code="t">Qurrat al-ʻayn bi-muhimmāt al-dīn.</marc:subfield></marc:datafield><marc:datafield tag="700" ind1="1" ind2=" "><marc:subfield code="6">880-05</marc:subfield><marc:subfield code="a">Malībārī, Zayn al-Dīn ibn ʻAlī ibn Ahṃad,</marc:subfield><marc:subfield code="d">d. 1522.</marc:subfield><marc:subfield code="t">Hidāyat al-adhkiyā'.</marc:subfield></marc:datafield><marc:datafield tag="880" ind1="1" ind2=" "><marc:subfield code="6">100-01/(3/r</marc:subfield><marc:subfield code="a">مليباري، زين الدين بن عبد العزيز..</marc:subfield></marc:datafield><marc:datafield tag="880" ind1="1" ind2="0"><marc:subfield code="6">245-02/(3/r</marc:subfield><marc:subfield code="a">فتح المعين بشرح قرة العين /</marc:subfield><marc:subfield code="c">تأليف زين الدين بن عبد العزيز المليباري ؛ وبهامشه تقريرات لبعض الافاضل..</marc:subfield></marc:datafield><marc:datafield tag="880" ind1=" " ind2=" "><marc:subfield code="6">260-03/(3/r</marc:subfield><marc:subfield code="a">مصر :</marc:subfield><marc:subfield code="b">مطبعة محمد علي صبيح،</marc:subfield><marc:subfield code="c">1346 [1928]</marc:subfield></marc:datafield><marc:datafield tag="880" ind1="1" ind2="1"><marc:subfield code="6">600-04/(3/r</marc:subfield><marc:subfield code="a">مليباري، زين الدين بن عبد العزيز.</marc:subfield><marc:subfield code="t">قرة العين بمهمات الدين..</marc:subfield></marc:datafield><marc:datafield tag="880" ind1="1" ind2=" "><marc:subfield code="6">700-05/(3/r</marc:subfield><marc:subfield code="a">مليباري، زين الدين بن علي بن احمد،</marc:subfield><marc:subfield code="d">د. 1522.</marc:subfield><marc:subfield code="t">هداية الاذكياء..</marc:subfield></marc:datafield><marc:datafield tag="907" ind1=" " ind2=" "><marc:subfield code="a">.b14513249</marc:subfield><marc:subfield code="b">main </marc:subfield></marc:datafield><marc:datafield tag="902" ind1=" " ind2=" "><marc:subfield code="a">170305</marc:subfield></marc:datafield><marc:datafield tag="998" ind1=" " ind2=" "><marc:subfield code="b">0</marc:subfield><marc:subfield code="c">080601</marc:subfield><marc:subfield code="d">m</marc:subfield><marc:subfield code="e">a</marc:subfield><marc:subfield code="f">i</marc:subfield><marc:subfield code="g">0</marc:subfield><marc:subfield code="k">MAH</marc:subfield></marc:datafield><marc:datafield tag="945" ind1=" " ind2=" "><marc:subfield code="l">main </marc:subfield></marc:datafield></marc:record>
</marc:collection>
